%-------------------------------------------------------------------
% bachelor thesis
%
% topic: ACDC4JS - How to analyze a JavaScript garbage collector
%
% create by: Mario Preishuber
% create date: 2014, Jan 01.
%-------------------------------------------------------------------

@misc{PSQL13,
        key={PSQL13},
        title={{PostgreSQL}},
        author={The PostgreSQL Global Development Group},
        howpublished={\url{http://www.postgresql.org/}},
		year=2013}.



%-------------------------------------------------------------------
% templates
%-------------------------------------------------------------------
@incollection{,
        title={{}},
        author={},
        editor={},
        booktitle={{}},
        publisher={},
        pages={},
        note={ISBN },
        year=2008}.        
@manual{,
        title={{}},
        author={},
        organization={},
        month=sep,
        year=2008}.
@phdthesis{,
        author={},
        title={},
        school={},
        address={},
        type={{}},
        year=2008}.
@techreport{,
        author={},
        title={{}},
        number={},
        institution={},
        month=sep,
        address={},
        year=2008}.
@article{,
        author={},
        title={{}},
        journal={}, 
        volume=1,
        number=1,
        pages={},
        month={},
        year=2008}.
@book{,
        author={},
        title={},
        publisher={},
        note={ISBN },
        year=2008}.
@inproceedings{,
        author={},
        title={{}},
        address={},
        booktitle={},
        month=sep,
        pages={},
        year=2008}.
@proceedings{,
        editor={},
        title={},
        publisher={},
        organization={},
        address={},
        note={ISBN },
        year=2008}.
@misc{,
        key={},
        title={{}},
        author={},
        howpublished={},
        year=2008}.