@string{Google = "Google, Inc."}
@string{Microsoft = "Microsoft, Inc."}
@string{ESPN = "ESPN, Internet Ventures"}
@string{Postgresql = "The PostgreSQL, Global Development Group"}
@string{CNN = "Turner Broadcasting System, Inc."}
@string{Economist = "The Economist, Newspaper Limited"}
@string{Facebook = "Facebook, Inc."}
@string{Amazon = "Amazon.com, Inc."}
@string{Ebay = "eBay, Inc."}
@string{Wikipedia = "Wikipedia, Inc."}