%-------------------------------------------------------------------
% bachelor thesis
%
% topic: ACDC4JS - How to analyze a JavaScript garbage collector
%
% create by: Mario Preishuber
% create date: 2014, Jan 01.
%-------------------------------------------------------------------
@inproceedings{Richards2011,
 author = {Richards, Gregor and Gal, Andreas and Eich, Brendan and Vitek, Jan},
 title = {{Automated Construction of JavaScript Benchmarks}},
 booktitle = {Proceedings of the 2011 ACM International Conference on Object Oriented Programming Systems Languages and Applications},
 series = {OOPSLA '11},
 year = {2011},
 location = {Portland, Oregon, USA},
 pages = {677--694},
 numpages = {18},
 acmid = {2048119},
 publisher = {ACM},
}

@techreport{JSMeter2009,
 author = {Livshits, Benjamin and Ratanaworabhan, Paruj and Simmons, David and Zorn, Benjamin G.},
 title = {{JSMeter: Characterizing Real-World Behavior of JavaScript Programs}},
 institution = {Microsoft Research},
 year = {2009},
 key = {{MSR-TR-2009-173}},
}

@inproceedings{JSMeter2010,
 author = {Ratanaworabhan, Paruj and Livshits, Benjamin and Zorn, Benjamin G.},
 title = {{JSMeter: Comparing the Behavior of JavaScript Benchmarks with Real Web Applications}},
 booktitle = {Proceedings of the 2010 USENIX Conference on Web Application Development},
 series = {WebApps'10},
 year = {2010},
 location = {Boston, MA},
 publisher = {USENIX Association},
} 

@inproceedings{Richards2010,
 author = {Richards, Gregor and Lebresne, Sylvain and Burg, Brian and Vitek, Jan},
 title = {{An Analysis of the Dynamic Behavior of JavaScript Programs}},
 booktitle = {Proceedings of the 2010 ACM SIGPLAN Conference on Programming Language Design and Implementation},
 series = {PLDI '10},
 year = {2010},
 location = {Toronto, Ontario, Canada},
 pages = {1--12},
 numpages = {12},
 acmid = {1806598},
 publisher = {ACM},
} 

@inproceedings{Richards2011-2,
 author = {Richards, Gregor and Hammer, Christian and Burg, Brian and Vitek, Jan},
 title = {{The Eval That Men Do: A Large-scale Study of the Use of Eval in Javascript Applications}},
 booktitle = {Proceedings of the 25th European Conference on Object-oriented Programming},
 series = {ECOOP'11},
 year = {2011},
 location = {Lancaster, UK},
 pages = {52--78},
 numpages = {27},
 publisher = {Springer-Verlag},
} 

@inproceedings{Aigner2013,
 author = {Aigner, Martin and Kirsch, Christoph M.},
 title = {{ACDC: Towards a Universal Mutator for Benchmarking Heap Management Systems}},
 booktitle = {Proceedings of the 2013 International Symposium on Memory Management},
 series = {ISMM '13},
 year = {2013},
 location = {Seattle, Washington, USA},
 pages = {75--84},
 numpages = {10},
 publisher = {ACM},
}

@article{Zorn92,
 author = {Zorn, Benjamin and Grunwald, Dirk},
 title = {{Empirical measurements of six allocation-intensive C programs}},
 journal = {SIGPLAN Not.},
 issue_date = {Dec. 1992},
 volume = {27},
 number = {12},
 month = dec,
 year = {1992},
 pages = {71--80},
 publisher = {ACM},
} 

@misc{PSQL,
    title = {{PostgreSQL}},
	year = {2013},
    url = {http://www.postgresql.org/}
}

@misc{DevTools,
	title = {{Chrome DevTools}},
	year = {2014},
	url = {https://developers.google.com/chrome-developer-tools}
}

@misc{Chromium,
	title = {{Chromium}},
	year = {2014},
	url = {http://www.chromium.org/}
}

@misc{Chrome,
	title = {{Chrome}},
	year = {2014},
	url = {https://www.google.com/intl/en/chrome/}
}


@misc{Selenium,
	title = {{SeleniumHQ Browser Automation}},
	year = {2014},
	url = {http://docs.seleniumhq.org}
}

@misc{WebWorkers,
	title = {{Web Workers}},
	year = {2014},
	url = {http://dev.w3.org/html5/workers}
}

@misc{AWFY,
	title = {{Are We Fast Yet?}},
	year = {2014},
	url = {https://github.com/haytjes/arewefastyet}
}

@misc{Trajan,
	title={{Tarjan's strongly connected components algorithm}},
	year={2013},
    url={http://en.wikipedia.org/wiki/Tarjan%E2%80%99s_strongly_connected_components_algorithm}
}
 
%-------------------------------------------------------------------
% templates
%-------------------------------------------------------------------
@incollection{,
        title={{}},
        author={},
        editor={},
        booktitle={{}},
        publisher={},
        pages={},
        note={ISBN },
        year=2008}.        
@manual{,
        title={{}},
        author={},
        organization={},
        month=sep,
        year=2008}.
@phdthesis{,
        author={},
        title={},
        school={},
        address={},
        type={{}},
        year=2008}.
@techreport{,
        author={},
        title={{}},
        number={},
        institution={},
        month=sep,
        address={},
        year=2008}.
@article{,
        author={},
        title={{}},
        journal={}, 
        volume=1,
        number=1,
        pages={},
        month={},
        year=2008}.
@book{,
        author={},
        title={},
        publisher={},
        note={ISBN },
        year=2008}.
@inproceedings{,
        author={},
        title={{}},
        address={},
        booktitle={},
        month=sep,
        pages={},
        year=2008}.
@proceedings{,
        editor={},
        title={},
        publisher={},
        organization={},
        address={},
        note={ISBN },
        year=2008}.
@misc{,
        key={},
        title={{}},
        author={},
        howpublished={},
        year=2008}.